<?xml version="1.0" encoding="UTF-8"?><collection xmlns="http://www.loc.gov/MARC21/slim"><record><leader>00430nam--2200133-i-4500</leader><controlfield tag="001">000028826</controlfield><controlfield tag="002">20161230</controlfield><controlfield tag="005">20161230201037</controlfield><controlfield tag="008">060222s1000------------r-----000-0-eng-d</controlfield><datafield ind1=" " ind2=" " tag="080"><subfield code="a">539.124.143</subfield></datafield><datafield ind1=" " ind2=" " tag="100"><subfield code="a">Kim, Yong Moo</subfield></datafield><datafield ind1=" " ind2=" " tag="245"><subfield code="a">Electro-spin resonance studies of radiation-induced paramagnetic defects in several glass systems. thesis</subfield></datafield><datafield ind1=" " ind2=" " tag="260"><subfield code="a">Ann Arbor Michigan, University Microfilms Inc., 1967. Vii+137p</subfield></datafield><datafield ind1=" " ind2=" " tag="852"><subfield code="a">32332</subfield></datafield></record></collection>